<?xml version="1.0" encoding="UTF-8"?><collection xmlns="http://www.loc.gov/MARC21/slim"><record><leader>00380nam--2200145-i-4500</leader><controlfield tag="001">000039301</controlfield><controlfield tag="002">20161230</controlfield><controlfield tag="005">20161230201042</controlfield><controlfield tag="008">060222s1000------------r-----000-0-eng-d</controlfield><datafield ind1=" " ind2=" " tag="080"><subfield code="a">621.375.2.029.4</subfield></datafield><datafield ind1=" " ind2=" " tag="100"><subfield code="a">Rodenhuis,E</subfield></datafield><datafield ind1=" " ind2=" " tag="245"><subfield code="a">Tubes pour amplificateurs b.f</subfield></datafield><datafield ind1=" " ind2=" " tag="260"><subfield code="a">Eindhoven, Philips, 1955. 160 P</subfield></datafield><datafield ind1=" " ind2=" " tag="490"><subfield code="a">Serie Vulgarisation. Bibl.Tech.Philips</subfield></datafield><datafield ind1=" " ind2=" " tag="852"><subfield code="a">11935</subfield></datafield></record></collection>